

% Примеры ссылок на книгу, онлайн источник, статью
@book{bellman2003dynamic,
  title={Dynamic Programming},
  author={Bellman, R.E.},
  isbn={9780486428093},
  lccn={91035613},
  series={Dover Books on Computer Science Series},
  url={https://books.google.ru/books?id=fyVtp3EMxasC},
  year={2003},
  publisher={Dover Publications}
}

@online{gartner_definition,
  author = { },
  title = {Gartner definition. Edge computing},
  year = 2020,
  url = {https://www.gartner.com/en/information-technology/glossary/edge-computing},
  urldate = {2023-03-08}
}

@article{FRS1901LIIIOL,
  title={LIII. On lines and planes of closest fit to systems of points in space},
  author={Karl Pearson F.R.S.},
  journal={Philosophical Magazine Series 1},
  year={1901},
  volume={2},
  pages={559-572}
}


@article{inproceedings,
author = {Irawan, Dani and Naujoks, Boris and Emmerich, Michael},
year = {2020},
month = {07},
pages = {1-8},
title = {Cooperative-Coevolution-CMA-ES with Two-Stage Grouping},
doi = {10.1109/CEC48606.2020.9185616}
}